
@article {CEM:CEM515,
	author = {Westerhuis, Johan A. and Kourti, Theodora and MacGregor, John F.},
	title = {Analysis of multiblock and hierarchical PCA and PLS models},
	journal = {Journal of Chemometrics},
	volume = {12},
	number = {5},
	publisher = {John Wiley & Sons, Ltd.},
	issn = {1099-128X},
	url = {http://dx.doi.org/10.1002/(SICI)1099-128X(199809/10)12:5<301::AID-CEM515>3.0.CO;2-S},
	doi = {10.1002/(SICI)1099-128X(199809/10)12:5<301::AID-CEM515>3.0.CO;2-S},
	pages = {301--321},
	keywords = {hierarchical models, latent variables, multiblock models, PCA, PLS},
	year = {1998},
}

@book{hastie_09_elements-of.statistical-learning,
	added-at = {2010-06-03T15:15:09.000+0200},
	author = {Hastie, Trevor and Tibshirani, Robert and Friedman, Jerome},
	biburl = {https://www.bibsonomy.org/bibtex/200d858c0bd2826d4eb5f39450192d1f5/ukoethe},
	edition = 2,
	file = {:Books\\HastieTibshiraniFriedman-09-Elements-of-Statistical-Learning-2nd-edition\\hastie_09_elements-of.statistical-learning.pdf:PDF},
	interhash = {52d1772f39be836e3b298d37b8c0cfa1},
	intrahash = {00d858c0bd2826d4eb5f39450192d1f5},
	keywords = {inference mathmatics dataanalysis method clutering statistics},
	publisher = {Springer},
	timestamp = {2010-06-03T15:15:09.000+0200},
	title = {The elements of statistical learning: data mining, inference and prediction},
	url = {http://www-stat.stanford.edu/~tibs/ElemStatLearn/},
	year = 2009
}

@INPROCEEDINGS{Statistics01randomforests,
	author = {Leo Breiman Statistics and Leo Breiman},
	title = {Random Forests},
	booktitle = {Machine Learning},
	year = {2001},
	pages = {5--32}
}

@article {EnsembleMethods,
	author = {Issam El Alaoui},
	title = {Les méthodes ensemblistes pour algorithmes de machine learning},
	journal = {Octo blog},
	publisher = {OCTO Technology},
	url = {http://blog.octo.com/les-methodes-ensemblistes-pour-algorithmes-de-machine-learning/},
	year = {2014},
}


@online{SICA,
	title = {Sistema Information Cafetera},
	note = {https://www.federaciondecafeteros.org/clientes/es/servicios_para_el_cafetero/sistema_de_informacion_sica-1/},
	urldate = {16.05.2017}
}



@online{EJE,
	title = {Informations générales sur la Colombie, www.colombia.com},
	url = {http://www.colombia.com/turismo/sitios-turisticos/eje-cafetero/},
	urldate = {16.05.2017}
}


